%% %% BOOKS
@book{book:weck-wzm3,
	author = "Manfred Weck and Christian Brecher",
	maintitle = "Werkzeugmaschinen",
	subtitle = "Mechatronische Systeme, Vorschubantriebe, Prozessdiagnose",
	edition = "6",
	volume = "3",
	publisher = "Springer",
	year = "2006",
	pubstate = "Berlin",
%	isbn = "978-3-642-54535-1",
	}
	

@book{book:unbehauen,
	author = "Heinz Unbehauen",
	title = "Regelungstechnik II",
	subtitle = "Zustandsregelungen,
		digitale und nichtlineare Regelsysteme",
	publisher = "Vieweg",
	year = "2007",
	edition = "9",
	pubstate = "Berlin",
	}

%% %% REPORTS
@report{report:arp-folien,
	author = "ISW",
	title = "Vorlesungsfolien SS18",
	type = "ARP Vorlesungsunterlagen",
	institution = "Universit√§t Stuttgart",
	date = "2018",
	}
	
%% %% WEBSITES		
@online{online:uppsala,
	author = "Kristiaan Pelckman",
	title = "System Identification, Lecture 1",
	institution = "Department of Information Technology",
	organization = "Uppsala University",
	url = "https://www.it.uu.se/edu/course/homepage/systemid/vt10/SYSID10_c01.pdf",
	urldate = "2018-06-06",
	data = "2010-01-18", 
	}

